@manual{anleitung203,
  author = {TU Dortmund},
  title = {Versuchsanleitung zu Versuch 203: Verdampfungsw√§rme und Dampfdruckkurve}
}
